<record><leader>00000cas a22000007a 4500</leader><controlfield tag="001">12487393</controlfield><controlfield tag="008">850904d18751908wiuwr ne      0    0eng d</controlfield><datafield ind1=" " ind2=" " tag="010"><subfield code="a">sn 85040972 </subfield></datafield><datafield ind1=" " ind2=" " tag="040"><subfield code="a">NPV</subfield><subfield code="b">eng</subfield><subfield code="c">NPV</subfield><subfield code="d">OCLCQ</subfield></datafield><datafield ind1=" " ind2=" " tag="042"><subfield code="a">msc</subfield></datafield><datafield ind1=" " ind2=" " tag="045"><subfield code="a">w7x0</subfield></datafield><datafield ind1=" " ind2=" " tag="052"><subfield code="a">4123</subfield><subfield code="b">W5</subfield></datafield><datafield ind1="0" ind2=" " tag="130"><subfield code="a">Wisconsin free press (Oconomowoc, Wis.)</subfield></datafield><datafield ind1="1" ind2="0" tag="245"><subfield code="a">Wisconsin free press.</subfield></datafield><datafield ind1=" " ind2=" " tag="260"><subfield code="a">Oconomowoc, Wis. :</subfield><subfield code="b">R.B. Rice,</subfield><subfield code="c">1875-1908.</subfield></datafield><datafield ind1=" " ind2=" " tag="300"><subfield code="a">34 v. :</subfield><subfield code="b">ill.</subfield></datafield><datafield ind1=" " ind2=" " tag="310"><subfield code="a">Weekly</subfield></datafield><datafield ind1="0" ind2=" " tag="362"><subfield code="a">Vol. 1, no. 52 (Nov. 6, 1875)-v. 34, no. 27 (Oct. 8, 1908).</subfield></datafield><datafield ind1=" " ind2=" " tag="500"><subfield code="a">Publisher varies.</subfield></datafield><datafield ind1=" " ind2=" " tag="500"><subfield code="a">Editors: R.B. Rice, Nov. 6, 1875-April 15, 1876; N.M. Smith, April 29-July 8, 1876; E. Hurlbut, Jan. 22, 1881-Dec. 2, 1905; Mrs. E. Hurlbut, Dec. 9, 1905-March 9, 1907; A.C. Hathaway, March 16, 1907-Oct. 8, 1908.</subfield></datafield><datafield ind1=" " ind2=" " tag="525"><subfield code="a">Supplements accompany some issues.</subfield></datafield><datafield ind1=" " ind2=" " tag="530"><subfield code="a">Available on microfilm from The State Historical Society of Wisconsin.</subfield></datafield><datafield ind1=" " ind2=" " tag="752"><subfield code="a">United States</subfield><subfield code="b">Wisconsin</subfield><subfield code="c">Waukesha</subfield><subfield code="d">Oconomowoc.</subfield></datafield><datafield ind1="0" ind2="0" tag="780"><subfield code="t">Wisconsin semi-weekly free press</subfield><subfield code="w">(DLC)sn 85040971</subfield></datafield><datafield ind1="0" ind2="0" tag="785"><subfield code="t">Oconomowoc free press</subfield><subfield code="w">(DLC)sn 85040973</subfield></datafield><datafield ind1="1" ind2=" " tag="029"><subfield code="a">AU@</subfield><subfield code="b">000025808159</subfield></datafield></record>